@incollection{alfarra_nbs_2018,
  title = {{{NBS}} for {{Managing Water Availability}}},
  booktitle = {The {{United Nations}} World Water Development Report 2018: Nature-Based Solutions for Water},
  author = {Alfarra, Amani and Turton, Antony},
  date = {2018},
  series = {{{UNESCO World Water Assessment Programme}}},
  number = {2018},
  pages = {37--50},
  publisher = {UNESCO},
  location = {Paris},
  isbn = {978-92-3-100264-9},
  langid = {english}
}

@book{bar-tal_intergroup_2011,
  title = {Intergroup Conflicts and Their Resolution: A Social Psychological Perspective},
  shorttitle = {Intergroup Conflicts and Their Resolution},
  editor = {Bar-Tal, Daniel},
  date = {2011},
  series = {Frontiers of Social Psychology},
  publisher = {Psychology Press},
  location = {New York},
  isbn = {978-1-84169-783-3},
  keywords = {Conflict management,Intergroup relations}
}

@book{bazerman_predictable_2004,
  title = {Predictable Surprises: The Disasters You Should Have Seen Coming, and How to Prevent Them},
  shorttitle = {Predictable Surprises},
  author = {Bazerman, Max H.},
  namea = {Watkins, Michael},
  nameatype = {collaborator},
  date = {2004},
  series = {Leadership for the Common Good},
  publisher = {Harvard Business School Press},
  location = {Boston},
  isbn = {1-59139-178-4},
  pagetotal = {317},
  keywords = {Emergency management}
}

@article{bharwani_multi-agent_2005,
  title = {Multi-Agent Modelling of Climate Outlooks and Food Security on a Community Garden Scheme in {{Limpopo}}, {{South Africa}}},
  author = {Bharwani, S. and Bithell, M. and Downing, T. E. and New, M. and Washington, R. and Ziervogel, G.},
  date = {2005-11-29},
  journaltitle = {Philosophical Transactions of the Royal Society B: Biological Sciences},
  volume = {360},
  number = {1463},
  pages = {2183--2194},
  issn = {0962-8436, 1471-2970},
  doi = {10.1098/rstb.2005.1742},
  langid = {english}
}

@book{bonini_simulation_1963,
  title = {Simulation of Information and Decision Systems in the Firm.},
  author = {Bonini, Charles P.},
  date = {1963},
  publisher = {Prentice-Hall},
  location = {Englewood Cliffs, N.J.},
  langid = {english}
}

@article{carlos_riesgos_2012,
  title = {Riesgos de {{Escasez}} de {{Agua}} En La {{Ciudad}} de {{Huancayo}} al 2030},
  author = {Carlos, Guillermo and Grijalva, Roy},
  date = {2012-06},
  journaltitle = {Apuntes de Ciencia \& Sociedad, Universidad Continental},
  volume = {2},
  number = {1},
  pages = {15--26},
  file = {/Users/josemagallanes/Documents/EVPP650 Modeling/waterScarcity.pdf}
}

@book{cioffi-revilla_introduction_2014,
  title = {Introduction to Computational Social Science: Principles and Applications},
  shorttitle = {Introduction to Computational Social Science},
  author = {Cioffi-Revilla, Claudio A.},
  date = {2014},
  series = {Texts in {{Computer Science}}},
  publisher = {Springer},
  location = {London ; New York},
  isbn = {978-1-4471-5660-4},
  pagetotal = {320},
  keywords = {Data processing,Mathematical models,Social sciences}
}

@article{cioffi-revilla2010,
  title = {A {{Methodology}} for {{Complex Social Simulations}}},
  author = {Cioffi-Revilla, Claudio},
  date = {2010},
  journaltitle = {Journal of Artificial Societies and Social Simulation},
  volume = {13},
  number = {1},
  pages = {7},
  issn = {1460-7425},
  url = {http://jasss.soc.surrey.ac.uk/13/1/7.html},
  keywords = {Agent-Based Modeling Methodology,Computational Social Science,Inner Asia,M2M,Social Complexity,Social Simulation}
}

@book{crate_anthropology_2009,
  title = {Anthropology and Climate Change: From Encounters to Actions},
  shorttitle = {Anthropology and Climate Change},
  author = {Crate, Susan Alexandra and Nuttall, Mark},
  date = {2009},
  publisher = {Left Coast Press},
  location = {Walnut Creek, CA},
  isbn = {978-1-59874-333-3},
  langid = {english}
}

@inproceedings{daquino_role_2002,
  title = {The Role Playing Games in an {{ABM}} Participatory Modeling Process: {{Outcomes}} from Five Different Experiments Carried out in the Last Five Years},
  shorttitle = {The Role Playing Games in an {{ABM}} Participatory Modeling Process},
  booktitle = {Proceedings of the {{International Environmental Modelling}} and {{Software Society Conference}}},
  author = {D'Aquino, Patrick and Barreteau, Olivier and Etienne, Michel and Boisseau, Stanislas and Aubert, Sigrid and Bousquet, François and Le Page, Christophe and Daré, William's},
  date = {2002},
  pages = {275--280},
  publisher = {IEMSS},
  location = {Lugano, Switzerland},
  url = {https://agritrop.cirad.fr/544029/},
  urldate = {2024-05-17},
  eventtitle = {International {{Environmental Modelling}} and {{Software Society Conference}}},
  langid = {english},
  file = {/Users/JoseManuel/Zotero/storage/D6NIBMB8/544029.html}
}

@book{epstein_growing_1996,
  title = {Growing Artificial Societies: Social Science from the Bottom Up},
  shorttitle = {Growing Artificial Societies},
  author = {Epstein, Joshua M. and {2050 Project}},
  namea = {Axtell, Robert},
  nameatype = {collaborator},
  date = {1996},
  series = {Complex Adaptive Systems},
  publisher = {Brookings Institution Press},
  location = {Washington, D.C},
  isbn = {0-262-05053-6},
  pagetotal = {208},
  keywords = {Social sciences}
}

@article{fraser_melting_2012,
  title = {Melting in the {{Andes}}: {{Goodbye}} Glaciers},
  shorttitle = {Melting in the {{Andes}}},
  author = {Fraser, Barbara},
  date = {2012-11-07},
  journaltitle = {Nature},
  volume = {491},
  number = {7423},
  pages = {180--182},
  issn = {0028-0836, 1476-4687},
  doi = {10.1038/491180a},
  file = {/Users/JoseManuel/Zotero/storage/T7SJEA2E/melting-in-the-andes-goodbye-glaciers-1.html}
}

@book{gilbert_simulation_2005,
  title = {Simulation for the Social Scientist},
  author = {Gilbert, G. Nigel and Troitzsch, Klaus G.},
  date = {2005},
  edition = {2nd ed},
  publisher = {Open University Press},
  location = {Maidenhead, England ; New York, NY},
  isbn = {978-0-335-21600-0},
  pagetotal = {295},
  keywords = {Computer simulation,Mathematical models,Simulation methods,Social interaction,Social sciences}
}

@inproceedings{hailegiorgis_agent_2010,
  title = {An Agent Based Model of Climate Change and Conflict among Pastoralists in East {{Africa}}},
  booktitle = {Proceedings of the 2010 {{International Congress}} on {{Environmental Modelling}} and {{Software}}},
  author = {Hailegiorgis, Atesmachew B. and Kennedy, William G. and Balan, G. C. and Bassett, Jeffrey K. and Gulden, T.},
  date = {2010},
  url = {http://cs.gmu.edu/~eclab/projects/mason/publications/climate10.pdf},
  urldate = {2014-09-12},
  file = {/Users/josemagallanes/Documents/tesisGMU/MURI1.pdf}
}

@thesis{hailegiorgis_computational_2013,
  type = {phdthesis},
  title = {Computational Modeling of Climate Change, Large-Scale Land Acquisition, and Household Dynamics in Southern Ethiopia},
  author = {Hailegiorgis, Atesmachew Bizuwerk},
  date = {2013},
  location = {Ann Arbor, United States},
  url = {http://search.proquest.com/docview/1492669016/abstract?accountid=14541},
  urldate = {2014-09-01},
  langid = {Inglés},
  pagetotal = {196},
  keywords = {Agent-based modeling,Climate change,Coupled human and natural systems,Earth sciences,Ethiopia,Geographic information systems (GIS),Household dynamics,Land acquisition,Social sciences,South Omo},
  file = {/Users/JoseManuel/Zotero/storage/R7TDXQAU/Hailegiorgis - 2013 - Computational Modeling of Climate Change, Large-Sc.pdf;/Users/JoseManuel/Zotero/storage/BBDEH3NR/abstract.html}
}

@article{haller_huancayo_2013,
  title = {Huancayo {{Metropolitano}}},
  author = {Haller, Andreas and Borsdorf, Axel},
  date = {2013-04},
  journaltitle = {Cities},
  volume = {31},
  pages = {553--562},
  issn = {02642751},
  doi = {10.1016/j.cities.2012.04.004},
  file = {/Users/JoseManuel/Zotero/storage/ITZIQWSR/Haller&Borsdorf2012.pdf}
}

@article{haller_vivid_2012,
  title = {Vivid Valleys, Pallid Peaks? {{Hypsometric}} Variations and Rural–Urban Land Change in the {{Central Peruvian Andes}}},
  shorttitle = {Vivid Valleys, Pallid Peaks?},
  author = {Haller, Andreas},
  date = {2012-11},
  journaltitle = {Applied Geography},
  volume = {35},
  number = {1-2},
  pages = {439--447},
  issn = {01436228},
  doi = {10.1016/j.apgeog.2012.09.009},
  file = {/Users/JoseManuel/Zotero/storage/72SHMJEK/valley MantaroHaller.pdf}
}

@book{heifetz_leadership_2002,
  title = {Leadership on the {{Line}}: {{Staying Alive Through}} the {{Dangers}} of {{Leading}}},
  author = {Heifetz, R. A. and Linsky, M.},
  date = {2002},
  publisher = {Harvard Business School Press},
  url = {http://books.google.com/books?id=c3mYE7jNvn0C},
  isbn = {978-1-57851-437-3}
}

@article{hendrix_climate_2012,
  title = {Climate Change, Rainfall, and Social Conflict in {{Africa}}},
  author = {Hendrix, C. S. and Salehyan, I.},
  date = {2012-01-01},
  journaltitle = {Journal of Peace Research},
  volume = {49},
  number = {1},
  pages = {35--50},
  issn = {0022-3433, 1460-3578},
  doi = {10.1177/0022343311426165},
  langid = {english}
}

@book{hirschman_exit_1970,
  title = {Exit, Voice, and Loyalty: Responses to Decline in Firms, Organizations, and States},
  shorttitle = {Exit, Voice, and Loyalty},
  author = {Hirschman, Albert O.},
  date = {1970},
  publisher = {Harvard University Press},
  location = {Cambridge, Mass},
  isbn = {0-674-27660-4},
  pagetotal = {162},
  keywords = {Dissenters,Loyalty,Organizational sociology}
}

@report{Ho2012,
  type = {Case Study},
  title = {“ {{Where}} the {{Rain Falls}}” {{Project}}. {{Results}} from {{Huancayo Province}}, {{Junín Region}}.},
  shorttitle = {" {{Where}} the {{Rain Falls}}" {{Project}}. {{Case}} Study},
  author = {Ho, Raul and Milan, Andrea},
  date = {2012},
  number = {5},
  institution = {United Nations University},
  location = {Germany},
  url = {http://d-nb.info/102954221X/34},
  urldate = {2014-04-24},
  file = {/Users/JoseManuel/Zotero/storage/VASRHJNB/Report No. 5_Peru.pdf}
}

@article{hsiang_quantifying_2013,
  title = {Quantifying the {{Influence}} of {{Climate}} on {{Human Conflict}}},
  author = {Hsiang, S. M. and Burke, M. and Miguel, E.},
  date = {2013-09-13},
  journaltitle = {Science},
  volume = {341},
  number = {6151},
  pages = {1235367--1235367},
  issn = {0036-8075, 1095-9203},
  doi = {10.1126/science.1235367},
  langid = {english}
}

@book{intergovernmental_panel_on_climate_change_climate_1990,
  title = {Climate Change 1990: The {{IPCC}} Scientific Assessment},
  shorttitle = {Climate Change 1990},
  author = {{Intergovernmental Panel on Climate Change}},
  date = {1990},
  publisher = {Cambridge University Press},
  location = {Cambridge ; New York},
  isbn = {0-521-40360-X},
  pagetotal = {364},
  keywords = {{Greenhouse effect, Atmospheric},Climatic changes,Environmental aspects,Greenhouse gases}
}

@book{intergovernmental_panel_on_climate_change_climate_1996,
  title = {Climate Change 1995: The Science of Climate Change},
  shorttitle = {Climate Change 1995},
  author = {{Intergovernmental Panel on Climate Change}},
  date = {1996},
  publisher = {Cambridge University Press},
  location = {Cambridge ; New York},
  isbn = {0-521-56433-6},
  pagetotal = {572},
  keywords = {Climatic changes}
}

@book{intergovernmental_panel_on_climate_change_climate_2001,
  title = {Climate Change 2001: Impacts, Adaptation, and Vulnerability: Contribution of {{Working Group II}} to the Third Assessment Report of the {{Intergovernmental Panel}} on {{Climate Change}}},
  shorttitle = {Climate Change 2001},
  author = {{Intergovernmental Panel on Climate Change}},
  date = {2001},
  publisher = {Cambridge University Press},
  location = {Cambridge, UK ; New York},
  isbn = {0-521-80768-9},
  pagetotal = {1032},
  keywords = {Climatic changes,Environmental aspects,Global environmental change,Human ecology,Risk assessment}
}

@book{intergovernmental_panel_on_climate_change_climate_2007,
  title = {Climate Change 2007: Impacts, Adaptation and Vulnerability: Contribution of {{Working Group II}} to the Fourth Assessment Report of the {{Intergovernmental Panel}} on {{Climate Change}}},
  shorttitle = {Climate Change 2007},
  author = {{Intergovernmental Panel on Climate Change}},
  date = {2007},
  publisher = {Cambridge University Press},
  location = {Cambridge, U.K. ; New York},
  isbn = {978-0-521-88010-7},
  pagetotal = {976},
  keywords = {Climatic changes,Environmental aspects,Global environmental change,Government policy,Greenhouse gas mitigation,Human ecology,International cooperation}
}

@book{intergovernmental_panel_on_climate_change_climate_2014,
  title = {Climate Change 2014: Impacts, Adaptation, and Vulnerability. {{Part A}}, {{Part A}},},
  shorttitle = {Climate Change 2014},
  author = {{Intergovernmental Panel on Climate Change}},
  date = {2014},
  url = {http://dx.doi.org/10.1017/CBO9781107415379},
  urldate = {2015-02-17},
  isbn = {978-1-107-41537-9 1-107-41537-3},
  langid = {english}
}

@unpublished{kennedy_agent-based_2010,
  type = {Conference},
  title = {An {{Agent-Based Model}} of {{Conflict}} in {{East Africa And}} the {{Effect}} of {{Watering Holes}}},
  author = {Kennedy, William G. and Hailegiorgis, Atesmachew B. and Rouleau, Mark and Bassett, Jeffrey K. and Coletti, Mark and Balan, Gabriel C. and Gulden, Tim},
  date = {2010-03-24},
  eventtitle = {Behavior {{Representation}} in {{Modeling}} and {{Simulation}}},
  venue = {Charleston, SC},
  file = {/Users/JoseManuel/Zotero/storage/AKHRJE7W/summary.html}
}

@article{kniveton_agent-based_2011,
  title = {Agent-Based Model Simulations of Future Changes in Migration Flows for {{Burkina Faso}}},
  author = {Kniveton, Dominic and Smith, Christopher and Wood, Sharon},
  date = {2011-12},
  journaltitle = {Global Environmental Change},
  volume = {21},
  pages = {S34-S40},
  issn = {09593780},
  doi = {10.1016/j.gloenvcha.2011.09.006},
  langid = {english},
  file = {/Users/JoseManuel/Zotero/storage/JFHZSB2I/burkinafasso.pdf}
}

@article{lopez-moreno_recent_2014,
  title = {Recent Glacier Retreat and Climate Trends in {{Cordillera Huaytapallana}}, {{Peru}}},
  author = {López-Moreno, J.I. and Fontaneda, S. and Bazo, J. and Revuelto, J. and Azorin-Molina, C. and Valero-Garcés, B. and Morán-Tejeda, E. and Vicente-Serrano, S.M. and Zubieta, R. and Alejo-Cochachín, J.},
  date = {2014-01},
  journaltitle = {Global and Planetary Change},
  volume = {112},
  pages = {1--11},
  issn = {09218181},
  doi = {10.1016/j.gloplacha.2013.10.010},
  file = {/Users/JoseManuel/Zotero/storage/D4P7AXBJ/huaytapallana.pdf}
}

@software{luke_mason_2015,
  title = {{{MASON}} - {{Multi Agent Simulator Of Neighborhoods}}},
  shorttitle = {{{MASON}}},
  author = {Luke, Sean and Catalin, Gabriel and Sullivan, Keith and Panait, Liviu},
  date = {2015},
  url = {https://cs.gmu.edu/~eclab/projects/mason/},
  organization = {The Evolutionary Computation Laboratory and TheCenter for Social Complexity at George Mason University},
  version = {19}
}

@article{macy_factors_2002,
  title = {From {{Factors}} to {{Actors}}: {{Computational Sociology}} and {{Agent-Based Modeling}}},
  shorttitle = {{{FROM FACTORS TO ACTORS}}},
  author = {Macy, Michael W. and Willer, Robert},
  date = {2002},
  journaltitle = {Annual Review of Sociology},
  volume = {28},
  number = {1},
  pages = {143--166},
  doi = {10.1146/annurev.soc.28.110601.141117},
  keywords = {cellular automata,complexity,emergence,genetic algorithm,self-organization,simulation}
}

@book{maslow_motivation_1987,
  title = {Motivation and Personality},
  author = {Maslow, Abraham H. and Frager, Robert},
  date = {1987},
  edition = {3rd ed},
  publisher = {{Harper and Row}},
  location = {New York},
  isbn = {0-06-041987-3},
  pagetotal = {293},
  keywords = {Motivation (Psychology),Self-actualization (Psychology)}
}

@book{miller_complex_2007,
  title = {Complex Adaptive Systems: An Introduction to Computational Models of Social Life},
  shorttitle = {Complex Adaptive Systems},
  author = {Miller, John H. and Page, Scott E.},
  date = {2007},
  series = {Princeton Studies in Complexity},
  publisher = {Princeton University Press},
  location = {Princeton, N.J},
  isbn = {0-691-12702-6},
  pagetotal = {263},
  keywords = {Computermodellen,Mathematical models,Social sciences,Social systems,Sociale relaties}
}

@article{north_complex_2013,
  title = {Complex Adaptive Systems Modeling with {{Repast Simphony}}},
  author = {North, Michael J and Collier, Nicholson T and Ozik, Jonathan and Tatara, Eric R and Macal, Charles M and Bragen, Mark and Sydelko, Pam},
  date = {2013-12},
  journaltitle = {Complex Adaptive Systems Modeling},
  shortjournal = {Complex Adapt Syst Model},
  volume = {1},
  number = {1},
  pages = {3},
  issn = {2194-3206},
  doi = {10.1186/2194-3206-1-3},
  langid = {english},
  file = {/Users/JoseManuel/Zotero/storage/3JT4PQSF/North et al. - 2013 - Complex adaptive systems modeling with Repast Simp.pdf}
}

@thesis{piontek_impact_2010,
  type = {mathesis},
  title = {The {{Impact}} of {{Climate Change}} on {{Conflict}} and {{Cooperation}} in the {{Nile Basin}}},
  author = {Piontek, Franziska},
  date = {2010},
  institution = {{Institute for Peace and Security Studies}},
  location = {Hamburg, Germany},
  url = {http://www.cairn.info/resume.php?ID_ARTICLE=EUFOR_365_0099},
  urldate = {2014-09-12},
  pagetotal = {96},
  file = {/Users/josemagallanes/Documents/tesisGMU/cnflict/nilebasin.pdf}
}

@online{robinson_water_2023,
  title = {Water {{Stress}}: {{A Global Problem That}}’s {{Getting Worse}}},
  shorttitle = {Water {{Stress}}},
  author = {Robinson, Kali and Klobucista, Claire},
  date = {2023-04-03},
  url = {https://www.cfr.org/backgrounder/water-stress-global-problem-thats-getting-worse},
  urldate = {2024-05-16},
  langid = {english},
  organization = {Council on Foreign Relations},
  file = {/Users/JoseManuel/Zotero/storage/UWQC8D4W/water-stress-global-problem-thats-getting-worse.html}
}

@book{rose_lesson-drawing_1993,
  title = {Lesson-Drawing in Public Policy: A Guide to Learning across Time and Space},
  shorttitle = {Lesson-Drawing in Public Policy},
  author = {Rose, Richard},
  date = {1993},
  publisher = {Chatham House Publishers},
  location = {Chatham, N.J},
  isbn = {0-934540-32-2},
  pagetotal = {176},
  keywords = {Policy sciences}
}

@book{simon_sciences_1996,
  title = {The Sciences of the Artificial},
  author = {Simon, Herbert A},
  date = {1996},
  publisher = {MIT Press},
  location = {Cambridge, Mass.},
  isbn = {0-262-69191-4 978-0-262-69191-8 0-262-19374-4 978-0-262-19374-0},
  langid = {english},
  file = {/Users/JoseManuel/Zotero/storage/G75WIS45/Science of the Artificial.pdf}
}

@article{singh_losses_2021,
  title = {Losses and Damages Associated with Slow-Onset Events: Urban Drought and Water Insecurity in {{Asia}}},
  shorttitle = {Losses and Damages Associated with Slow-Onset Events},
  author = {Singh, Chandni and Jain, Garima and Sukhwani, Vibhas and Shaw, Rajib},
  date = {2021-06},
  journaltitle = {Current Opinion in Environmental Sustainability},
  shortjournal = {Current Opinion in Environmental Sustainability},
  volume = {50},
  pages = {72--86},
  issn = {18773435},
  doi = {10.1016/j.cosust.2021.02.006},
  langid = {english}
}

@article{smith_climate_2009,
  title = {Climate Change, Conflict and Fragility},
  author = {Smith, Dan and Vivekananda, Janani},
  date = {2009},
  journaltitle = {International Alert, London},
  url = {http://www.ifp-ew.eu/pdf/Climate_change_conflict_and_fragility.pdf},
  urldate = {2014-09-12},
  file = {/Users/josemagallanes/Documents/tesisGMU/cnflict/Climate_change_conflict_and_fragility_Nov09.pdf}
}

@book{steinbruner_climate_2013,
  title = {Climate and Social Stress: Implications for Security Analysis},
  shorttitle = {Climate and Social Stress},
  author = {Steinbruner, John D. and Stern, Paul C. and Husbands, Jo L.},
  date = {2013},
  publisher = {National Research Council (U.S.)},
  location = {Washington, D.C},
  isbn = {978-0-309-27856-0},
  pagetotal = {238},
  keywords = {Climatic changes,National security,Political aspects,Risk assessment,Risk management,Social aspects,United States}
}

@article{taillandier_building_2019,
  title = {Building, Composing and Experimenting Complex Spatial Models with the {{GAMA}} Platform},
  author = {Taillandier, Patrick and Gaudou, Benoit and Grignard, Arnaud and Huynh, Quang-Nghi and Marilleau, Nicolas and Caillou, Philippe and Philippon, Damien and Drogoul, Alexis},
  date = {2019-04},
  journaltitle = {GeoInformatica},
  shortjournal = {Geoinformatica},
  volume = {23},
  number = {2},
  pages = {299--322},
  issn = {1384-6175, 1573-7624},
  doi = {10.1007/s10707-018-00339-6},
  langid = {english},
  file = {/Users/JoseManuel/Zotero/storage/IVMN48EQ/Taillandier et al. - 2019 - Building, composing and experimenting complex spat.pdf}
}

@software{the_distributed_computer_network_research_group_at_saint_petersburg_technical_university_anylogic_2015,
  title = {{{AnyLogic}}},
  author = {{The Distributed Computer Network Research group at Saint Petersburg Technical University}},
  date = {2015},
  url = {www.anylogic.com},
  organization = {The AnyLogic Company},
  version = {7}
}

@book{torjman_what_2005,
  title = {What Is Policy?},
  author = {Torjman, Sherri},
  date = {2005},
  publisher = {Caledon Institute of Social Policy},
  location = {Ottawa},
  url = {http://www.deslibris.ca/ID/202308},
  urldate = {2015-06-11},
  isbn = {1-55382-142-4 978-1-55382-142-7},
  langid = {english}
}

@book{unesco_nature-based_2018,
  title = {Nature-Based Solutions for Water},
  editor = {{Unesco}},
  date = {2018},
  series = {The {{United Nations}} World Water Development Report},
  number = {2018},
  publisher = {UNESCO},
  location = {Paris},
  isbn = {978-92-3-100264-9},
  langid = {english},
  pagetotal = {139}
}

@report{watkins_understanding_2008,
  title = {Understanding {{Islamist}} Political Violence through Computational Social Simulation},
  author = {Watkins, Jennifer H. and MacKerrow, Edward P. and Patelli, Paolo G. and Eberhard, A. S. and Stradling, Seth G.},
  date = {2008},
  institution = {Los Alamos National Laboratory (LANL)},
  url = {http://permalink.lanl.gov/object/tr?what=info:lanl-repo/lareport/LA-UR-08-05107},
  urldate = {2015-05-21},
  file = {/Users/josemagallanes/Documents/tesisGMU/nps49-071212-26.pdf}
}

@book{wilensky_introduction_2015,
  title = {Introduction to Agent-Based Modeling: Modeling Natural, Social, and Engineered Complex Systems with {{NetLogo}}},
  shorttitle = {Introduction to Agent-Based Modeling},
  author = {Wilensky, Uri and Rand, William},
  date = {2015},
  publisher = {The MIT Press},
  location = {Cambridge, Massachusetts},
  isbn = {978-0-262-73189-8},
  keywords = {Computer simulation,Data processing,Multiagent systems,NetLogo (Computer program language),System analysis}
}

@report{willige_explainer_2023,
  title = {Explainer: {{What}} Are Tropical Glaciers and Why Are They an Indicator for Climate Change?},
  shorttitle = {Explainer},
  author = {Willige, Andrea},
  date = {2023-10-26},
  institution = {World Economic Forum},
  url = {https://www.weforum.org/agenda/2023/10/tropical-glacier-climate-change-elnino-indonesia/},
  urldate = {2024-05-18},
  langid = {english},
  file = {/Users/JoseManuel/Zotero/storage/3Y7J4SH9/tropical-glacier-climate-change-elnino-indonesia.html}
}

@article{ziervogel_agent-based_2005,
  title = {Agent-Based Social Simulation: A Method for Assessing the Impact of Seasonal Climate Forecast Applications among Smallholder Farmers},
  shorttitle = {Agent-Based Social Simulation},
  author = {Ziervogel, Gina and Bithell, Mike and Washington, Richard and Downing, Tom},
  date = {2005-01},
  journaltitle = {Agricultural Systems},
  volume = {83},
  number = {1},
  pages = {1--26},
  issn = {0308521X},
  doi = {10.1016/j.agsy.2004.02.009},
  langid = {english}
}
