@book{borgatti_analyzing_2013-1,
  title = {Analyzing Social Networks},
  author = {Borgatti, Stephen P. and Everett, Martin G. and Johnson, Jeffrey C.},
  date = {2013},
  publisher = {Sage},
  location = {Los Angeles, Calif.},
  isbn = {1-4462-4741-4 978-1-4462-4741-9 978-1-4462-4740-2},
  langid = {english},
  pagetotal = {296},
  keywords = {Datenanalyse,Empirische Sozialforschung,Netzwerkanalyse,Netzwerkanalyse Soziologie,social networks,Soziales Netzwerk}
}

@article{grimm_odd_2010,
  title = {The {{ODD}} Protocol: {{A}} Review and First Update},
  shorttitle = {The {{ODD}} Protocol},
  author = {Grimm, Volker and Berger, Uta and DeAngelis, Donald L. and Polhill, J. Gary and Giske, Jarl and Railsback, Steven F.},
  date = {2010-11},
  journaltitle = {Ecological Modelling},
  volume = {221},
  number = {23},
  pages = {2760--2768},
  issn = {03043800},
  doi = {10.1016/j.ecolmodel.2010.08.019},
  langid = {english}
}

@book{hoff_first_2009,
  title = {A {{First Course}} in {{Bayesian Statistical Methods}}},
  author = {Hoff, Peter D.},
  date = {2009},
  series = {Springer {{Texts}} in {{Statistics}}},
  publisher = {Springer New York},
  location = {New York, NY},
  url = {http://link.springer.com/10.1007/978-0-387-92407-6},
  urldate = {2015-05-03},
  isbn = {978-0-387-92299-7 978-0-387-92407-6},
  file = {/Users/josemagallanes/Documents/STAT 664 BAYESIAN/Hoff_A_First_Course_in_Bayesian.pdf}
}

@book{instituto_nacional_de_estadistica_e_informatica_peru_2011,
  title = {Perú: Migración Interna Reciente y El Sistema de Ciudades, 2002 - 2007},
  author = {{Instituto Nacional de Estadística e Informatica}},
  date = {2011},
  publisher = {Inst. Nacional de Estadística e Informatica},
  url = {http://books.google.com/books?id=x9FEmwEACAAJ}
}

@article{macy_factors_2002,
  title = {From {{Factors}} to {{Actors}}: {{Computational Sociology}} and {{Agent-Based Modeling}}},
  shorttitle = {{{FROM FACTORS TO ACTORS}}},
  author = {Macy, Michael W. and Willer, Robert},
  date = {2002},
  journaltitle = {Annual Review of Sociology},
  volume = {28},
  number = {1},
  pages = {143--166},
  doi = {10.1146/annurev.soc.28.110601.141117},
  keywords = {cellular automata,complexity,emergence,genetic algorithm,self-organization,simulation}
}

@article{polhill_odd_2010,
  title = {{{ODD Updated}}},
  author = {Polhill, J. Gary},
  date = {2010},
  journaltitle = {Journal of Artificial Societies and Social Simulation},
  shortjournal = {JASSS},
  volume = {13},
  number = {4},
  pages = {9},
  issn = {1460-7425}
}
